2174 3632
542 123 590 178 L
606 127 694 180 IB
709 125 822 179 ER
892 124 954 179 V.
1236 125 1518 180 Ludouicus
1540 125 1621 180 II.
1764 146 1853 198 125

150 221 216 258 tati
227 218 468 259 tabernaculo
478 223 634 274 excepit.
652 221 748 274 Q
760 216 975 258 suauissimis
985 214 1218 256 sermonibus
1229 216 1418 256 celebrato
1428 217 1536 257 donis
1545 219 1667 272 ipsum
1676 219 1854 273 magnifi-

147 280 198 316 cis
208 277 419 323 coluit,&in
427 276 559 315 vrbem
568 289 821 316 reuertentem
832 274 1079 329 prosequutus
1089 273 1274 314 destinato
1284 274 1419 312 inloco
1427 277 1564 314 iterum
1574 275 1620 316 ad
1630 275 1779 316 frenum
1788 291 1852 316 ac-

149 331 470 386 cessit.osculoque
479 333 604 372 saneto
614 332 701 386 pedi
709 332 840 372 oblato
849 336 886 370 in
899 331 1186 370 tabernaculum
1197 330 1358 384 se,atque
1367 328 1455 369 inde
1464 334 1503 368 in
1511 332 1785 372 Lombardiam
1795 348 1853 373 re-

146 393 257 442 cepit.
273 389 430 429 Postero
447 404 549 430 anno
565 403 688 429 nouus
703 393 742 428 in
756 388 915 429 Ecclesia
931 388 1355 440 Constantinopolitana
1371 388 1551 426 tumultus
1569 388 1620 426 est
1637 403 1850 438 ortus,non
1869 392 1890 432 8
1908 405 1927 448 5
1944 403 1987 441 9..

145 443 240 484 dum
250 458 374 485 vetere
383 445 654 486 discordiarum
671 446 724 486 ob
742 446 951 485 sanctarum
969 449 1178 499 imaginum
1195 445 1341 482 cultum
1357 443 1536 483 incendio
1548 444 1656 497 plane
1665 447 1854 487 restinsto.

146 500 283 541 Bardas
295 502 489 543 Michaelis
498 505 741 556 Imperatoris
751 504 974 550 auunculus,
984 501 1107 541 Caesar
1116 514 1275 548 creatus,
1285 500 1418 539 muster
1428 500 1622 540 turbarum
1633 500 1711 540 fuit.
1726 504 1854 557 Qip-

144 572 191 613 pe
199 557 297 598 facto
307 573 398 599 cum
410 575 527 600 vxore
535 559 703 599 diuortio
713 591 723 609 ,
733 574 872 599 nurum
882 559 998 599 duxit.
1025 556 1147 614 Qd
1158 571 1249 596 cum
1259 556 1466 610 patriarcha
1477 559 1637 610 Ignatius
1647 559 1852 611 comperis-

148 614 198 654 set
206 646 216 663 ,
227 620 259 655 ei
268 647 278 664 ‚
288 629 326 655 vt
341 621 405 670 qui
415 617 522 656 sacris
531 616 550 656 a
559 616 702 672 legibus
713 614 916 656 discessisset
925 647 935 664 ,
945 619 1097 669 piorum
1105 617 1387 654 communione
1397 613 1596 653 interdixit.
1614 616 1662 654 Ea
1671 629 1709 654 re
1718 615 1853 655 Bardas

146 673 468 722 exacerbatus‚vbi
477 676 620 728 placare
629 673 877 728 patriarcham
889 687 970 711 non
979 676 1119 726 potuit,
1130 682 1326 710 conuentu
1336 673 1486 723 propria
1494 671 1711 711 auetoritate
1720 673 1854 712 cornito

75 744 114 770 ιο
146 728 337 783 Ignatium
346 730 429 771 sede
437 730 584 779 deiecit,
594 746 638 770 ac
647 731 829 770 Photium
840 729 1051 768 senatorem
1062 730 1169 768 nullis
1179 728 1287 767 sacris
1296 730 1484 766 initiatum
1493 725 1599 765 substi
1606 732 1856 783 tuit.eumquc

145 800 211 841 per
220 787 450 841 Gregorium
460 788 676 842 episcopum
685 785 957 840 Syracusanum
974 800 1094 839 nuper
1102 784 1122 824 a
1131 783 1339 825 Benedi&o
1356 782 1539 837 pontifice
1555 782 1856 826 condemnatum

144 848 292 883 curauit
301 844 523 884 initiandum
533 876 542 892 ‚
553 859 596 884 ac
604 842 745 884 deinde
754 847 868 883 etiam
879 842 1190 883 consecrandum.
1209 842 1277 881 Per
1286 840 1439 880 eosdem
1448 839 1525 882 dies
1535 854 1683 880 nouum
1694 846 1804 882 etiam
1815 847 1857 883 in

143 900 528 941 RauennatiEcclesia
544 899 734 940 diffidium
751 904 953 939 excitatum
970 900 1031 940 cst.
1054 901 1212 939 Ioannes
1227 897 1524 951 archiepiscopus
1541 910 1672 937 vetere
1689 899 1857 939 Ecclesia:

141 958 310 1010 superbia
320 960 432 998 elatus
449 956 686 1012 pontificiam
702 957 968 997 auctoritatem
985 956 1131 1010 prorsus
1148 954 1526 1009 repudiabat,nequc
1544 958 1579 993 ei
1596 954 1630 993 se
1640 954 1858 997 obnoxium

141 1013 213 1054 ess'e
221 1029 286 1068 per
295 1014 442 1068 scriptas
451 1014 471 1053 a
479 1014 512 1054 se
522 1015 664 1054 tabulas
675 1013 856 1054 afferebat
864 1046 874 1063 ,
884 1019 924 1054 &
933 1013 1076 1054 haerefis
1087 1013 1270 1067 suspeetus
1281 1025 1370 1059 erat,
1380 1027 1424 1051 ac
1433 1015 1511 1051 iura
1521 1012 1787 1065 episcoporum
1795 1015 1858 1052 AE-

141 1072 252 1110 miliae
259 1070 445 1111 deteriora
452 1071 626 1112 faciebat.
643 1072 740 1112 Haec
750 1086 841 1111 cum
853 1069 1067 1125 suffraganei
1078 1068 1291 1109 BenediCto
1301 1067 1483 1123 pontifice
1492 1069 1729 1122 pertulissent,
1737 1070 1859 1109 Nico-

142 1129 188 1168 lai
198 1127 356 1181 spectata
366 1128 558 1169 seueritate
567 1129 674 1168 illecti
685 1160 695 1176 ‚
705 1127 753 1168 ad
764 1143 854 1168 eum
863 1129 1121 1181 confugerunt
1131 1158 1140 1172 ,
1149 1141 1192 1165 ac
1208 1130 1366 1165 crimina
1381 1129 1514 1164 onmia
1529 1126 1676 1165 Ioannis
1687 1125 1858 1166 aduersus

139 1184 175 1224 se
185 1185 411 1239 exponenda
420 1217 430 1233 ‚
440 1190 494 1225 ius
504 1186 551 1225 ab
561 1201 608 1225 eo
619 1186 848 1240 postulantes
858 1216 868 1233 ‚
878 1196 1067 1224 curarunt.
1091 1182 1246 1238 Qbus
1264 1180 1395 1221 auditis
1411 1181 1586 1234 pontifex
1600 1181 1811 1235 respondit,
1823 1183 1858 1224 se

144 1242 419 1282 calamitatibus
432 1257 565 1282 eorum
582 1242 796 1282 remedium
813 1242 1027 1287 allaturum,
1037 1254 1081 1279 ac
1094 1241 1246 1279 loannis
1262 1241 1531 1291 impotentiam
1546 1237 1855 1293 compressurum.

62 1307 110 1335 20
142 1299 326 1339 Extremo
337 1314 438 1338 anno
449 1330 458 1347 ‚
478 1314 492 1337 1
512 1313 525 1337 1
543 1313 567 1338 1.
585 1297 743 1338 Kalend.
754 1296 1051 1344 Nouembris‚&
1065 1310 1092 1335 ν
1108 1309 1133 1335 1.
1145 1295 1330 1335 Kalendas
1340 1296 1524 1334 lanuarias
1533 1294 1684 1335 Tiberis
1695 1296 1799 1350 super
1807 1302 1856 1337 ri·

141 1370 205 1410 pas
218 1353 356 1396 effusus
367 1355 630 1395 circumiectos
639 1354 724 1393 vrbi
735 1368 890 1408 campos
900 1367 989 1392 cum
1000 1357 1169 1393 maximo
1180 1352 1376 1399 arborum,
1385 1367 1429 1391 ac
1438 1351 1601 1392 satorum
1614 1356 1733 1392 exitio
1743 1358 1857 1394 inun-

144 1412 271 1459 dauit,
282 1426 397 1466 atque
412 1413 545 1452 vrbem
554 1410 732 1466 ingressus
743 1412 940 1464 complura
950 1411 1106 1464 templa,
1117 1423 1229 1463 atque
1240 1408 1589 1450 aedificialabefecit.
1605 1410 1759 1449 Postero
1771 1415 1856 1465 ,qui
1868 1410 1889 1449 8
1911 1415 1939 1451 6
1956 1423 2001 1453 ο.

142 1469 213 1510 fuit
229 1468 559 1523 ostingentefimus
575 1468 837 1523 sexagesimus,
848 1467 1332 1520 Constantinopolitanam,
1349 1471 1388 1506 &
1404 1466 1674 1506 Rauennatem
1689 1467 1855 1509 caussam

146 1525 292 1565 sandicus
302 1557 312 1574 ‚
323 1526 548 1580 seuerusque
558 1526 729 1579 pontifex
739 1525 968 1579 cognoscere
978 1523 1128 1564 studuit.
1138 1519 1585 1576 Nam'Constantinopoli
1595 1537 1675 1563 orta
1684 1530 1787 1578 graui
1796 1530 1854 1570 in-

146 1596 202 1623 ter
211 1587 312 1623 ciues
322 1582 502 1623 seditione
512 1615 522 1631 ,
533 1598 622 1622 cum
631 1585 686 1631 alij
698 1586 898 1637 ignatium,
909 1583 962 1628 alij
974 1582 1155 1621 Phorium
1165 1592 1368 1627 tuerentur,
1377 1580 1590 1632 Imperator
1598 1581 1853 1634 legatos‚litte-

143 1640 274 1694 rasque
283 1639 331 1681 ad
339 1639 562 1695 pontificem
572 1639 680 1689 misit,
690 1655 713 1693 q
721 1640 829 1679 uibus
839 1638 1010 1679 accusato
1019 1640 1159 1693 Ignatio
1169 1642 1282 1691 petiit,
1292 1650 1331 1676 vt
1339 1637 1510 1690 pontifex
1519 1637 1660 1690 legatos
1670 1638 1717 1676 ad
1727 1639 1759 1677 se
1768 1639 1851 1679 suos

143 1703 331 1746 mitteret,
341 1712 506 1753 quorum
524 1712 639 1751 opera
653 1697 782 1737 seditio
792 1695 989 1736 sedaretur.
1007 1693 1204 1735 Addidere
1213 1698 1325 1734 etiam
1333 1690 1443 1748 legati
1459 1693 1630 1733 haeresim
1648 1695 1853 1736 Iconoma-

142 1755 306 1795 chorum
316 1753 540 1795 recruduisse
549 1786 558 1803 ‚
568 1769 612 1794 ac
627 1755 770 1795 sancitas
785 1757 964 1807 imagines
981 1752 1109 1808 paffim
1126 1756 1165 1790 in
1175 1755 1323 1791 ciuitate
1332 1750 1466 1798 deleri,
1476 1755 1515 1789 &
1525 1750 1720 1791 Christum
1730 1752 1852 1806 ipsum

141 1811 250 1852 foedis
262 1814 377 1866 vulgo
388 1811 595 1852 maledictis
604 1810 739 1853 inceffi.
756 1812 888 1864 Itaque
897 1811 1078 1852 Nicolaus
1088 1841 1098 1857 ,
1107 1822 1148 1848 νε
1156 1813 1266 1848 tantis
1276 1807 1494 1847 vulneribus
1503 1807 1670 1848 Ecclefiae
1678 1809 1852 1850 medere-

70 1883 109 1921 30
143 1882 201 1908 tur
210 1901 220 1918 ,
230 1870 426 1923 episcopos
436 1868 534 1909 duos
545 1867 788 1909 Radoaldum
797 1865 1047 1908 portuensem
1057 1898 1067 1912 ‚
1076 1872 1115 1907 δέ
1123 1865 1353 1906 Zachariam
1362 1866 1607 1919 Anagninum
1617 1866 1753 1920 legauit
1761 1900 1771 1915 ,
1783 1866 1849 1908 da-

143 1930 186 1966 tis
197 1925 380 1966 mandatis
390 1959 399 1975 ,
410 1941 451 1965 νε
461 1925 597 1967 caussas
608 1958 618 1975 ,
628 1940 696 1968 cur
705 1927 863 1981 Ignatius
874 1924 992 1979 pulsus
1002 1922 1103 1971 effet,
1113 1922 1396 1978 cognoscerent,
1407 1936 1497 1961 cum
1507 1923 1849 1978 Photio‚tanquam

143 1997 234 2023 cum
243 1986 338 2024 laico
348 2015 358 2032 ,
369 1983 598 2024 versarentur
606 2015 616 2033 ,
626 1989 684 2032 &‚
694 1997 734 2023 vt
752 1981 1028 2023 controuerfias
1044 1981 1095 2022 de
1103 1980 1234 2020 sanetis
1243 1979 1467 2033 imaginibus
1476 2009 1487 2027 ,
1496 1979 1521 2017 fi
1531 1994 1613 2033 qua:
1621 1979 1669 2020 ad
1679 1979 1713 2020 se
1722 1980 1847 2021 defer-

141 2053 270 2080 rentur
280 2073 288 2087 ,
299 2040 531 2081 deciderent.
555 2042 663 2098 Qu
674 2045 787 2081 etiam
796 2041 959 2080 leffione
967 2039 1090 2089 Photij
1100 2038 1298 2091 reprobata
1308 2040 1520 2090 imaginum
1530 2038 1672 2076 cultum
1684 2042 1847 2078 retinen-

140 2097 235 2138 dum
246 2096 369 2147 suasit,
380 2111 493 2152 atque
509 2112 548 2138 vt
563 2098 763 2146 Calabriae,
773 2103 811 2137 δέ
821 2098 954 2137 Siciliae
962 2094 1261 2150 patrimoniafibi
1270 2092 1535 2142 redderentur,
1545 2094 1755 2147 postulauit.
1771 2098 1844 2135 Ex-

139 2167 216 2193 tant
226 2157 356 2194 litterae
366 2156 421 2194 hae
430 2155 522 2195 data:
538 2170 561 2194 ν
572 2169 585 2195 1
597 2168 621 2194 1.
633 2153 788 2195 Kalend.
799 2152 1209 2202 Ostobrisflndiffione
1227 2167 1239 2190 1
1256 2166 1292 2199 x,
1303 2165 1392 2191 cum
1402 2151 1456 2189 his
1466 2151 1600 2191 verbis.
1610 2157 1769 2191 Praeterea
1779 2159 1843 2191 Ca-

136 2211 170 2249 la
174 2210 346 2250 britanum
350 2215 476 2267 patrina
480 2212 656 2258 οἴκημά*
663 2213 818 2257 Siculum,
830 2225 964 2266 qtcaeque
970 2210 1087 2264 nostrae
1095 2216 1123 2249 E
1126 2209 1237 2259 ccless’ae
1246 2207 1534 2262 conceffl'tfiterunt
1542 2238 1552 2254 ‚
1563 2207 1609 2252 ὠ
1616 2209 1845 2264 eaposst'denda

134 2266 291 2313 obtinuit,
297 2269 342 2313 ὦ*
349 2268 880 2323 dgsponendopcn(itasfizmiliares
887 2283 998 2323 regere
993 2266 1142 2322 studuit,
1153 2264 1402 2319 conceffionibm
1408 2264 1598 2304 reddantur
1604 2296 1612 2305 .
1625 2270 1786 2320 quoniam
1792 2271 1844 2306 ir-

96 2356 99 2357 .
132 2325 332 2364 rationabzle
340 2329 389 2364 eff
398 2357 406 2373 ,
416 2337 460 2364 vt
469 2325 673 2376 ecclcfizsllca
678 2327 816 2381 poffl’ssio
824 2356 833 2372 ‚
845 2325 942 2364 vnde
949 2325 1144 2369 luminaria,
1156 2323 1201 2368 ό*
1209 2326 1478 2362 concinnationes
1485 2322 1627 2370 Ecclesiae
1635 2327 1701 2362 Dei
1698 2325 1779 2375 fieri
1783 2324 1843 2364 de-

136 2380 224 2429 kent,
229 2394 362 2422 terrena
369 2384 488 2438 qnam}
490 2382 654 2438 potestate
656 2381 976 2436 fitbtrah.1nttcr,sc3d
978 2381 1091 2420 domni
1099 2384 1163 2420 Det¹
1169 2380 1320 2433 restituta
1327 2383 1488 2418 meritum
1496 2379 1677 2419 redditoris
1683 2382 1845 2437 multipli-

64 2455 115 2492 40
138 2452 220 2479 cent.
235 2439 778 2495 &fiffttpientbsvotumspiritalis
786 2438 1040 2492 dcjsiderq'lucris
1048 2439 1309 2477 exerceaturAEo
1314 2436 1403 2477 dem
1412 2435 1535 2477 modo
1544 2439 1678 2478 litteras
1688 2438 1735 2478 ad
1744 2440 1795 2479 Ph
1801 2456 1844 2480 o-

140 2501 237 2537 tium
246 2496 351 2538 dedit
359 2497 500 2537 faustum
510 2502 587 2537 eius
596 2510 800 2551 arguentes.
821 2498 863 2535 In
872 2498 1087 2537 Rauennati
1097 2511 1188 2535 vero
1198 2494 1318 2535 caussa
1326 2496 1509 2534 Ioannem
1519 2494 1841 2550 archiepiscopum

138 2567 196 2594 ter
208 2556 348 2595 Romae
357 2570 486 2594 coram
497 2556 532 2594 se
543 2554 664 2594 adesse
673 2558 867 2609 praecepit,
877 2569 920 2593 ac
935 2552 1093 2593 demum
1110 2555 1310 2606 imperium
1321 2551 1596 2592 detrectantem
1607 2551 1734 2592 officio
1744 2567 1841 2606 pou-

138 2611 262 2651 tificali
276 2616 450 2666 priuauit.
467 2613 516 2651 Ea
525 2627 564 2651 re
573 2613 666 2651 ictus
675 2613 834 2652 Ioannes
847 2610 1090 2651 Ludouicum
1099 2611 1217 2664 Papiae
1226 2613 1406 2649 conuenit
1415 2641 1425 2656 ,
1435 2624 1563 2658 orans,
1572 2622 1611 2649 νε
1627 2609 1690 2649 fibi
1700 2610 1748 2650 du
1755 2608 1840 2648 rilli-

135 2683 202 2708 mo
219 2669 285 2708 suo
303 2682 475 2722 tempore
491 2668 626 2708 adesset
640 2700 650 2717 ‚
669 2669 703 2716 se
720 2670 933 2709 Rauennati
950 2666 1034 2709 sede
1044 2665 1370 2720 suffraganeorum
1387 2666 1542 2707 suorum
1558 2671 1722 2706 coitione
1737 2664 1838 2706 deie-

137 2726 241 2765 &um
252 2758 261 2773 ,
271 2731 469 2766 neminem
478 2758 488 2774 ,
498 2741 562 2779 per
571 2741 687 2780 quem
697 2726 904 2766 restituatur
913 2757 922 2772 ‚
932 2725 1073 2765 habere
1082 2756 1092 2772 ‚
1102 2724 1168 2763 nisi
1179 2725 1296 2772 illum,
1307 2729 1410 2763 cuius
1422 2723 1609 2764 beneficio
1620 2723 1660 2761 fit
1668 2721 1834 2775 adeptus.

134 2787 173 2822 ni
183 2782 343 2822 caussam
353 2782 452 2836 apud
463 2783 686 2837 pontificem
698 2783 769 2836 ipse
779 2783 882 2822 suam
891 2777 1055 2836 suscipiat
1063 2813 1072 2830 ‚
1083 2781 1174 2821 nihil
1182 2780 1332 2821 fortuna
1339 2781 1398 2821 sua
1407 2781 1489 2821 fore
1498 2779 1684 2834 perditius.
1696 2780 1748 2818 Ita
1758 2781 1836 2819 Lu·

136 2839 295 2879 douicus
312 2841 477 2880 hominis
494 2839 746 2879 misericordia
762 2840 880 2880 tactus
897 2840 1103 2879 Nicolaum
1120 2837 1167 2878 acl
1182 2837 1414 2879 audiendam
1423 2843 1500 2878 eius
1511 2835 1669 2876 caussam
1678 2841 1835 2891 rogauit.

137 2897 317 2937 Nicolaus
327 2929 336 2944 ‚
348 2911 394 2937 ne
402 2902 574 2937 iniuriam
583 2900 731 2950 Vtrique
740 2895 862 2936 fecisse
871 2895 1078 2944 videretur,
1089 2897 1258 2937 Romam
1273 2909 1509 2935 conuentum
1525 2892 1570 2932 ad
1581 2907 1667 2932 earn
1676 2908 1759 2933 rem
1769 2909 1837 2934 co-

137 2954 394 3007 gnoscendam
404 2954 543 2995 indixit.
556 2955 736 2993 Proximo
747 2968 848 2993 anno
859 2952 1164 3007 legatipontificis
1174 2951 1550 3004 Constantinopolim
1561 2950 1833 3004 profefflman-
1850 2966 1872 3005 g
1891 2971 1919 3007 6
1935 2980 1968 3009 1.

79 3023 120 3060 50
137 3010 225 3051 data
234 3016 309 3051 eius
321 3011 518 3065 transgressi
530 3012 620 3050 sunt.
660 3011 764 3050 Nam
779 3015 845 3065 qui
859 3011 985 3065 Ignatii
1003 3009 1163 3050 caussam
1179 3010 1408 3065 cognoscere
1418 3020 1567 3047 tantum
1576 3006 1698 3047 modo
1707 3008 1784 3047 iuffi
1795 3024 1835 3048 e-

136 3083 219 3108 rant
228 3101 238 3116 ,
248 3067 432 3108 iudicium
442 3069 547 3108 suum
557 3068 859 3120 interposuerunt
867 3100 876 3117 ‚
886 3081 1000 3122 atque
1015 3069 1203 3122 Ignatium
1219 3072 1298 3106 iure
1306 3064 1520 3105 abdicatum
1529 3095 1540 3112 ,
1548 3069 1587 3103 δέ
1596 3065 1775 3104 Photium
1786 3069 1834 3104 ri-

139 3138 173 3164 te
184 3125 417 3165 substitutum
426 3124 622 3165 laudarunt
632 3156 638 3164 .
650 3140 782 3164 verum
792 3126 961 3165 Romam
976 3139 1149 3165 exrremo
1166 3138 1266 3163 auno
1282 3121 1416 3161 reuersi
1430 3121 1520 3161 nihil
1535 3121 1633 3162 aliud
1648 3121 1831 3176 pontifici,

137 3181 252 3235 quam
269 3183 455 3236 ignatium
471 3182 520 3222 dc
539 3180 622 3222 sede
638 3181 657 3220 a
672 3180 868 3222 conuentu
884 3182 1310 3234 Constantinopolitano
1327 3178 1540 3232 depulsum,
1551 3179 1730 3218 Photium
1740 3193 1831 3219 vero

140 3240 368 3278 collocatum
378 3271 387 3287 ,
398 3244 672 3279 renunciarunt.
710 3239 836 3279 Biduo
852 3254 942 3279 vero
959 3239 1042 3293 post
1057 3240 1137 3277 Leo
1147 3239 1284 3290 legatus
1294 3237 1530 3289 Imperatoris
1539 3235 1742 3275 adueniens
1751 3235 1832 3276 duo

138 3297 332 3335 volumina
341 3296 512 3351 pontifici
527 3295 706 3345 reddidit,
716 3311 833 3336 vnum
844 3328 854 3345 ,
864 3301 901 3336 in
917 3310 996 3351 quo
1012 3295 1094 3335 adra
1107 3293 1348 3336 abdicationis
1366 3295 1567 3349 ignatianae
1582 3292 1832 3334 contineban-

1462 3351 1493 3389 L
1563 3353 1598 3396 iij
