2174 3632
48 760 87 789 10

4 1326 80 1354 ³²0

24 1900 75 1941 30

33 2471 84 2509 40

6 3036 83 3080 ‘50

560 141 607 195 L
621 143 708 196 [Β
727 143 823 194 ΕΚ
900 144 999 198 XI
1006 143 1045 195 J.
1273 144 1560 211 Fridericus.
1718 165 1807 213 291

114 232 263 273 drianus
277 229 463 272 Friderico
478 231 563 286 post
577 231 611 273 se
625 233 755 272 reliito
771 231 948 285 praeceffit
962 234 1003 269 in
1018 230 1163 271 vrbem.
1174 235 1200 271 is
1211 230 1287 271 dics
1296 232 1434 272 sabbati
1443 235 1543 274 sexto
1555 234 1710 275 Kalend.
1724 237 1801 285 Iulij

111 290 190 330 fuit.
199 288 291 329 Inde
300 285 506 327 Fridericus
515 303 606 328 cum
615 293 779 329 exercitu
788 287 1027 341 subsequutus
1036 291 1073 326 in
1083 292 1190 340 pratis
1198 289 1423 329 Neronianis
1433 291 1544 331 castra
1552 307 1601 344 po
1607 293 1802 347 suit.atque

111 358 256 386 armato
264 346 379 384 milite
387 344 529 385 decore
537 345 736 386 incedente
744 344 890 398 stipatus
900 358 944 384 ex
954 344 1168 398 composito
1178 358 1284 397 porta
1299 348 1422 386 Aurea
1437 346 1574 386 vrbem
1590 350 1804 389 Leoninam

110 406 234 449 iniust,
243 399 412 455 atquead
425 401 610 442 basilicam
618 399 821 456 progressus
830 401 1066 441 Hadrianum
1075 398 1268 439 sedentem
1278 417 1346 455 pro
1355 402 1528 456 gradibus
1538 404 1707 446 adorauit
1716 438 1724 446 .
1733 421 1804 460 po-

109 458 249 499 stremo
259 458 306 497 ab
315 471 364 498 eo
372 456 420 498 ad
429 457 718 498 Confeffionem
729 459 762 497 S.
773 459 871 497 Petri
880 456 1064 498 deductus
1074 455 1281 496 secundum
1291 472 1371 497 rem
1380 460 1505 499 diuina
1521 460 1676 500 solemni
1691 476 1803 515 pom-

108 529 155 569 pa
163 515 358 563 inumstus,
367 519 407 554 &
415 528 617 555 coronatus
627 515 680 554 est
688 546 698 563 ‚
709 515 887 554 omnibus
897 546 908 562 ,
916 518 984 569 qui
993 513 1165 561 aderant,
1173 512 1295 553 faustis
1306 516 1649 565 acclamationibus,
1659 531 1804 571 praeco-

109 576 161 611 nii
166 570 253 625 sque
261 571 486 612 fauentibus.
501 572 654 628 Qbus
662 573 774 612 rebus
783 575 851 611 rite
859 573 946 610 actis
955 584 1139 611 coronam
1146 584 1291 625 gerens,
1300 582 1413 623 atque
1423 586 1562 624 equum
1572 574 1805 628 phaleratum

109 627 271 668 insidens
281 632 420 668 caeteris
429 627 658 682 pedestribus
674 643 739 683 per
753 627 915 668 eandem
924 659 934 676 ‚
944 641 1060 681 quam
1068 631 1223 666 iniuerat
1230 658 1240 674 ,
1249 640 1397 680 portam
1413 630 1452 665 in
1468 630 1579 670 castra
1587 662 1597 679 ,
1606 630 1802 672 Hadriano

109 688 148 724 in
156 683 298 724 :edibus
307 687 478 725 Vaticani
487 686 617 726 renero
626 718 636 735 ‚
646 689 854 725 reuertitur.
871 682 1020 724 Eodem
1035 683 1098 724 die
1113 683 1311 723 Anselmus
1320 697 1442 723 nouus
1451 684 1649 726 Rauennas
1660 688 1804 728 archie-

109 740 285 796 piscopus
295 743 447 795 pallium
456 742 652 796 pontificia
659 756 776 782 manu
786 744 942 794 accepit.
958 741 1068 780 Dum
1078 740 1159 780 haec
1166 740 1497 795 aguntur‚populus
1508 741 1704 783 Romanus
1713 759 1805 784 cum

107 797 235 839 senatu
243 802 282 838 in
292 799 527 853 Capitolium
535 811 698 846 venerat,
707 810 746 838 vt
753 802 842 851 reip.
852 810 966 852 prout
973 797 1055 837 vsus
1066 797 1276 851 postularet,
1286 797 1503 837 consuleret.
1515 799 1659 838 Verum
1667 800 1729 838 vbi
1737 816 1803 840 au-

107 854 214 903 diuit,
222 855 456 896 Fridericum
465 855 541 896 fine
549 856 781 903 auzitoritate,
791 867 907 908 atque
915 853 1103 908 praesentia
1111 853 1172 894 sua
1180 853 1199 893 a
1208 853 1387 908 pontifice
1396 867 1755 908 coronatum,prope
1763 861 1804 896 in

107 911 146 951 fu
152 925 280 952 rorem
288 912 471 953 addustus
479 926 624 966 magno
632 916 778 965 impetu
785 910 958 951 Tiberim
967 915 1107 951 traiecit
1115 942 1125 959 ,
1135 924 1247 965 atque
1255 909 1301 950 ad
1311 909 1432 950 :edem
1442 911 1478 951 S.
1490 911 1587 950 Petri
1595 910 1806 965 progressus

108 981 251 1023 paucos
261 969 444 1016 stratores,
453 972 517 1022 qui
525 969 576 1008 ibi
585 967 840 1008 remanserant
847 999 857 1017 ‚
866 967 1050 1008 interfecit
1058 999 1068 1016 ‚
1077 973 1116 1007 &
1125 967 1328 1008 cardinales
1337 969 1479 1021 aliquot
1488 967 1669 1022 spoliauit.
1684 968 1807 1008 Vrba-

108 1038 162 1065 no
173 1027 335 1065 tumultu
343 1030 381 1064 in
392 1025 516 1064 castris
524 1024 652 1066 audito
660 1024 865 1065 Fridericus
875 1024 1097 1078 pontificem
1107 1056 1117 1073 ,
1126 1029 1165 1064 &
1173 1024 1373 1065 cardinales
1389 1029 1498 1064 armis
1508 1023 1719 1066 {Romanis
1736 1039 1806 1079 op-

105 1081 244 1135 pressos
253 1081 431 1136 suspicans
441 1112 452 1130 ‚
461 1083 621 1121 militem
630 1113 641 1130 ‚
650 1085 715 1135 qui
724 1096 816 1136 corp
822 1096 887 1121 ora
895 1096 1041 1129 curare,
1050 1095 1162 1135 atque
1172 1095 1217 1121 ex
1225 1081 1311 1121 aestu
1319 1081 1354 1121 se
1361 1095 1527 1121 recreare
1536 1081 1698 1136 parabat,
1707 1081 1807 1122 subi-

108 1151 148 1177 to
157 1143 290 1178 armari
298 1138 402 1178 iuffit.
412 1152 539 1193 eoque
549 1137 720 1179 aduersus
728 1141 926 1180 Romanos
935 1137 1101 1179 adduc‘to
1111 1140 1281 1192 praelium
1288 1137 1427 1192 duplex
1434 1142 1553 1186 iniuit,
1561 1152 1680 1178 vnum
1688 1153 1808 1193 prope

108 1209 236 1235 arcem
245 1210 335 1235 cum
345 1196 701 1244 Romanis,alterum
711 1199 811 1235 iuxta
820 1195 999 1249 piscinam
1008 1209 1098 1234 cum
1106 1194 1416 1248 Transtyberinis.
1427 1195 1501 1235 Vbi
1511 1209 1574 1248 per
1582 1195 1726 1248 aliquot
1735 1195 1807 1235 ho-

108 1266 164 1291 ras
173 1256 317 1292 incerto
327 1266 466 1292 euentu
475 1264 684 1307 pugnatum
692 1252 746 1292 est
754 1284 764 1300 ,
773 1253 944 1292 Romani
959 1265 1049 1291 cum
1063 1254 1140 1291 vim
1156 1252 1438 1290 Germanorum
1456 1250 1628 1291 sustinere
1636 1265 1716 1291 non
1724 1252 1807 1306 poss

109 1307 200 1357 sent,
208 1322 311 1364 terga
319 1322 520 1349 verterunt.
530 1310 700 1362 praelium
708 1308 727 1347 a
736 1309 886 1349 decima
893 1307 970 1347 diei
977 1307 1072 1347 hora
1079 1319 1246 1361 coeptum
1256 1321 1334 1347 nox
1342 1308 1417 1362 ipsa
1424 1306 1580 1348 diremit
1588 1339 1596 1348 .
1607 1308 1688 1348 caefi
1697 1313 1808 1351 autin

109 1365 286 1406 Tiberim
295 1365 403 1405 merfi
413 1380 460 1405 ex
468 1367 654 1406 Romanis
662 1379 781 1419 prope
790 1366 904 1413 mille,
913 1367 1014 1417 capti
1021 1363 1141 1403 ferme
1150 1363 1324 1413 ducenti,
1333 1365 1518 1404 vulnerati
1533 1369 1740 1414 innumeri,
1749 1379 1807 1406 re-

107 1424 197 1476 liqui
205 1422 284 1474 fufi,
293 1437 337 1462 ac
344 1421 459 1477 fugati
468 1427 507 1462 in
514 1421 648 1462 vrbem
659 1422 694 1461 se
704 1433 934 1475 receperunt.
950 1418 1160 1461 Fridericus
1170 1421 1386 1461 Wstorcum
1395 1421 1462 1462 suls
1470 1426 1509 1461 in
1518 1422 1630 1462 castra
1637 1422 1806 1470 rediit,ac

107 1484 224 1533 quieti
234 1478 269 1520 se
278 1493 368 1519 cum
377 1483 542 1519 exercitu
553 1477 699 1519 tradidit
707 1509 715 1517 .
726 1477 902 1532 postridie
916 1479 1099 1518 Romanis
1115 1490 1353 1518 commeatus
1370 1482 1521 1532 copiam
1530 1478 1805 1533 deneganthus

106 1552 199 1576 cum
208 1536 404 1577 Hadriano
415 1535 462 1576 ad
470 1548 645 1575 montem
654 1536 810 1574 Soratff‘te
818 1534 1004 1589 proceffit,
1013 1547 1124 1588 atque
1132 1538 1171 1574 in
1181 1538 1320 1588 campis
1329 1533 1514 1575 viriditate
1522 1536 1727 1589 conspicuis
1734 1536 1804 1576 fes-

109 1593 192 1633 sum
201 1595 359 1633 militem
368 1593 456 1632 cibo
466 1624 476 1641 ‚
486 1597 526 1632 &1
534 1596 664 1646 quiete
674 1592 814 1632 refecit.
826 1605 939 1646 atque
947 1592 999 1631 ibi
1006 1591 1142 1631 festum
1151 1591 1256 1632 diem
1264 1591 1420 1645 apostoli
1430 1593 1527 1632 Petri
1537 1593 1755 1642 celebrauit,
1764 1598 1806 1634 <Sc

108 1649 304 1690 Hadriano
320 1663 405 1689 rem
420 1648 591 1689 diuinam
604 1649 768 1689 faciente
782 1663 967 1689 coronam
983 1648 1140 1688 honoris
1150 1647 1267 1688 caussa
1273 1648 1441 1702 gestauit.
1464 1647 1555 1688 Inde
1564 1653 1675 1689 motis
1684 1651 1806 1690 castris

108 1710 206 1746 inter
213 1706 421 1748 Tusculum
431 1738 441 1755 ,
450 1705 664 1761 vrbemque
677 1706 977 1760 premendorum
992 1706 1264 1747 Romanorum
1279 1704 1400 1745 caussa
1415 1704 1592 1746 consedit.
1616 1706 1807 1747 Grauiore

109 1762 201 1803 inde
211 1764 332 1804 aestate
342 1778 390 1804 ex
399 1768 491 1803 aeris
501 1767 722 1817 intemperie
728 1763 825 1803 fa&a
834 1764 1051 1803 Germanus
1061 1766 1240 1803 exercitus
1251 1763 1419 1802 Romani
1427 1763 1512 1802 coeli
1527 1761 1689 1802 insuetus
1698 1777 1806 1803 mor·

110 1820 164 1860 bis
174 1824 305 1861 tentari
313 1821 531 1860 tristioribus
540 1824 664 1875 coepit.
671 1822 857 1877 Qrum
865 1823 946 1860 vim
954 1833 1045 1860 cum
1054 1819 1224 1859 sustinere
1233 1818 1441 1860 Fridericus
1452 1819 1486 1859 se
1493 1818 1596 1873 posse
1606 1817 1804 1871 diffideret,

108 1879 237 1918 relffio
246 1882 286 1917 in
302 1878 518 1918 suburbanis
534 1877 681 1932 oppidis
697 1877 877 1932 pontifice
887 1876 935 1918 ad
943 1889 1094 1917 montes
1102 1876 1323 1916 Tiburtinos
1331 1875 1474 1916 receffit
1482 1907 1493 1925 ,
1501 1881 1541 1916 δε
1548 1875 1805 1918 valetudinem

108 1935 316 1975 salubritate
330 1938 424 1975 aeris
432 1966 442 1983 ‚
451 1939 491 1974 «Sc
505 1934 878 1975 medicamentorum
894 1938 1176 1988 opportunitate
1191 1937 1284 1973 tueri
1299 1932 1495 1974 contendit
1502 1964 1513 1982 ,
1521 1946 1637 1988 atque
1650 1937 1803 1976 interim

109 1997 285 2040 nuncios,
293 1995 357 2046 qui
355 1991 499 2046 fodrum
508 1991 663 2032 avicinis
673 1988 881 2032 ciuitatibus
891 1991 1205 2046 exigerent,mifit.
1216 1991 1368 2031 Caeteris
1375 1995 1416 2029 in
1424 1989 1551 2030 officio
1561 1991 1802 2033 manentibus

106 2050 297 2103 Spoletani
305 2052 525 2089 cotumaces
534 2053 679 2089 inuenti
688 2081 696 2089 .
706 2054 870 2103 quicum
884 2047 1006 2104 paullo
1015 2061 1100 2089 ante
1107 2047 1332 2088 Guidonem
1342 2049 1532 2087 Guerram
1541 2048 1739 2088 Comitem
1747 2049 1801 2089 le-

107 2119 241 2160 gatum
251 2105 426 2146 Friderici
436 2121 482 2146 ex
497 2107 633 2161 Apulia
640 2105 869 2147 redeuntem
879 2103 1057 2161 cepiffent
1064 2137 1074 2154 ,
1084 2120 1209 2159 neque
1217 2104 1238 2144 a
1246 2103 1433 2145 Friderico
1441 2104 1520 2144 iusfi
1528 2104 1719 2145 dimittere
1729 2120 1801 2146 vo-

107 2161 255 2202 luissent
262 2195 272 2212 ,
281 2167 397 2204 veteri
407 2163 532 2203 sceleri
541 2178 689 2203 nouum
698 2163 919 2204 adiecerunt
927 2195 937 2212 ‚
946 2161 1054 2218 quod
1062 2168 1101 2202 &
1115 2177 1244 2216 regem
1259 2161 1386 2201 tributi
1400 2160 1516 2202 debiti
1530 2175 1633 2216 parte
1647 2161 1800 2203 frauda-

106 2225 249 2268 runt,&
258 2235 439 2260 nummos
448 2220 680 2261 adulterinos
689 2221 1025 2274 soluerunt.Itaque
1032 2224 1140 2259 iratus
1149 2217 1355 2258 Fridericus
1363 2222 1570 2259 exercitum
1578 2218 1625 2260 ad
1635 2234 1701 2259 eos
1711 2234 1799 2274 pro·

108 2281 236 2317 mouit
243 2309 254 2326 ‚
263 2291 375 2332 atque
391 2276 574 2332 oppidum
589 2292 810 2333 oppugnare
819 2278 984 2318 instituit.
998 2277 1186 2331 Spoletani
1195 2275 1292 2316 adeo
1301 2280 1433 2316 virtute
1442 2274 1502 2315 sua
1511 2275 1643 2316 confisi
1651 2276 1733 2316 sunt
1740 2308 1750 2326 ‚
1759 2290 1799 2317 vt

107 2347 188 2374 non
197 2334 316 2375 solum
324 2334 344 2374 e
353 2339 467 2374 muris
477 2366 486 2382 ‚
497 2349 540 2374 ac
548 2335 710 2375 turribus
719 2366 729 2383 ‚
739 2349 828 2375 nam
837 2349 957 2389 prope
965 2347 1124 2374 centum
1133 2333 1322 2373 habebant
1329 2365 1340 2382 ‚
1350 2334 1427 2372 telis
1437 2364 1447 2380 ,
1456 2332 1719 2388 mislilibusque
1727 2334 1800 2374 ho-

107 2390 206 2431 stem
215 2396 401 2432 arcuerint
408 2424 419 2441 ‚
428 2391 487 2431 sed
505 2395 617 2433 etiam
632 2406 679 2432 ex
695 2396 811 2446 portis
828 2391 955 2446 egresfi
964 2391 1077 2432 castra
1084 2390 1156 2445 ipsa
1164 2389 1370 2430 inuaserint.
1385 2389 1510 2444 Qd
1519 2390 1582 2430 vbi
1589 2390 1798 2431 Fridericus

106 2447 209 2497 vidit,
219 2452 272 2489 rei
281 2448 498 2503 indignitate
508 2462 705 2502 permotus
714 2463 801 2488 cum
811 2448 983 2488 Vniuerso
993 2452 1158 2489 exercitu
1167 2452 1204 2486 in
1213 2461 1276 2486 eos
1284 2451 1437 2486 incurrit
1444 2478 1454 2495 ‚
1463 2461 1506 2487 ac
1521 2446 1689 2501 superatis
1698 2449 1798 2488 vallis

108 2504 158 2545 ad
172 2506 307 2547 vrbem
322 2506 540 2561 insequutus
556 2510 686 2560 apertis
703 2510 816 2561 portis
831 2504 903 2546 vna
912 2518 1001 2545 cum
1009 2505 1235 2560 fugientibus
1244 2507 1455 2557 introrupit.
1489 2504 1588 2544 Vrbs
1598 2503 1798 2558 direptioni

106 2562 280 2617 permissa
287 2595 297 2613 ,
307 2562 509 2618 antequam
519 2562 643 2618 praeda
650 2565 721 2603 vlla
729 2566 914 2617 exportari
922 2562 1051 2617 posset,
1058 2563 1157 2602 illato
1168 2574 1314 2601 temere
1323 2566 1410 2616 igne
1420 2575 1559 2616 magna
1567 2575 1613 2601 ex
1621 2573 1722 2615 parte
1730 2561 1796 2600 ab·

106 2620 263 2674 sumpta.
273 2625 372 2661 ciues
381 2619 616 2661 seminudiin
624 2624 793 2661 vicinum
804 2633 979 2660 montem
988 2620 1255 2659 incolumitatis
1265 2616 1384 2668 causta
1398 2617 1434 2657 se
1447 2630 1671 2672 receperunt
1679 2648 1688 2656 .
1698 2617 1796 2656 sum-

108 2691 173 2717 ma
180 2677 270 2718 inde
278 2678 377 2726 vrbs,
385 2677 449 2717 vbi
459 2677 604 2718 bafilica
613 2678 684 2727 est,
694 2676 813 2718 arduo
822 2678 906 2717 licet
915 2676 1063 2717 ascensu
1070 2690 1152 2715 non
1162 2675 1238 2716 fine
1246 2675 1394 2715 summo
1404 2674 1578 2716 Friderici
1587 2675 1713 2714 labore
1720 2705 1731 2722 ‚
1740 2686 1795 2713 at-

107 2748 183 2789 que
191 2735 361 2789 periculo
370 2733 479 2774 adita.
497 2735 651 2775 Postero
668 2735 729 2776 die
743 2749 789 2775 ex
803 2735 1007 2789 Spolerano
1022 2733 1099 2773 solo
1115 2746 1267 2787 propter
1281 2746 1475 2773 recentem
1491 2731 1797 2773 combustionem

107 2791 337 2833 cadauerum
347 2791 526 2846 pestilenti
534 2791 581 2831 ad
588 2796 710 2832 vicina
717 2793 801 2832 loca
809 2791 1093 2845 receffit‚ibique
1101 2804 1168 2844 per
1177 2788 1339 2830 biduum
1347 2789 1619 2837 manfit,donec
1627 2786 1741 2841 preda
1749 2801 1796 2829 ex

109 2851 197 2903 igne
206 2848 346 2888 seruata
355 2861 433 2887 tota
441 2849 594 2902 spoleto
603 2847 689 2888 esset
697 2850 837 2888 euesta.
861 2848 953 2888 Inde
968 2848 1014 2889 ad
1031 2851 1215 2888 maritima
1229 2848 1312 2887 loca
1327 2847 1517 2901 profectus
1532 2845 1646 2885 castra
1658 2848 1696 2883 in
1705 2858 1795 2899 agro

107 2907 354 2945 Anconitano
363 2906 511 2945 locauit.
520 2905 574 2944 Ibi
584 2904 754 2945 saeuiente
763 2906 932 2945 canicula
939 2936 950 2952 ,
959 2919 1002 2945 ac
1011 2905 1188 2945 militibus
1196 2904 1376 2959 pleris'que
1385 2903 1523 2944 morbo
1532 2899 1669 2941 affectis
1678 2932 1688 2949 ‚
1698 2902 1797 2941 rnul-

108 2961 224 3017 tisque
232 2967 346 3002 etiam
356 2962 602 3016 superioribus
611 2963 739 3016 praeliis
748 2963 1041 3010 vulneratis‚non
1050 2961 1125 3002 fine
1134 2965 1301 3002 maximo
1310 2960 1443 3001 dolore
1452 2959 1549 2997 Italia
1556 2957 1658 2998 abire
1665 2957 1797 2999 decre-

106 3024 266 3060 uit.nam
275 3020 450 3073 Apuliam
459 3023 563 3067 inire,
573 3032 685 3072 atque
693 3020 816 3059 exules
826 3019 1031 3067 restituere,
1040 3018 1163 3073 paullo
1172 3018 1314 3064 anteab
1324 3015 1516 3057 Hadriano
1525 3029 1681 3069 quoque
1688 3029 1798 3070 roga·

106 3076 415 3125 tus,studebat.1ta
425 3077 588 3116 Ancone
598 3076 910 3130 Senogalliam‚ac
917 3076 1166 3126 Pisaurum,ac
1174 3075 1333 3115 demum
1341 3074 1518 3112 Flaminia
1525 3073 1798 3113 viaBononiam

107 3138 210 3173 venit
218 3166 228 3182 ,
237 3133 304 3173 vbi
321 3132 368 3173 ad
384 3134 565 3173 Rhenum
581 3133 695 3173 castra
709 3133 809 3173 fecit.
820 3132 912 3174 Inde
921 3133 1077 3173 traieeto
1087 3133 1135 3173 ad
1151 3134 1201 3172 D.
1213 3129 1403 3170 Benedicfiti
1412 3129 1680 3169 monasterium
1691 3128 1795 3169 Pado

106 3195 213 3231 initio
222 3190 359 3231 mensis
370 3192 392 3230 S
399 3190 599 3244 eprembris
607 3194 645 3229 in
654 3204 787 3245 agrum
796 3190 1053 3230 Veronensem
1065 3187 1244 3243 processit.
1254 3187 1372 3225 Moris
1381 3190 1611 3234 erarveteris‚
1621 3199 1661 3225 vt
1669 3187 1796 3239 Impe-

105 3253 215 3288 ratori
224 3253 260 3287 in
268 3249 407 3287 Italiam
418 3251 691 3295 traiicienti,aut
699 3262 747 3286 cx
755 3249 855 3287 Italia
863 3249 1014 3287 abeunti
1023 3244 1255 3285 Veronenses
1264 3243 1397 3296 potem
1406 3247 1443 3282 in
1455 3242 1672 3296 Athesi,quo
1684 3255 1797 3281 com·

106 3304 315 3356 modius,ac
323 3305 462 3345 facilius
473 3303 683 3346 traduceret
691 3300 1316 3357 exercitum,cornpararcnt.Tanto
1325 3314 1416 3342 vero
1422 3313 1507 3396 It3urn
1517 3299 1609 3339 odio
1619 3297 1795 3340 aduersus

1460 3359 1488 3398 B
1556 3359 1567 3394 i
1570 3360 1579 3405 j
