2174 3632
402 136 448 193 L
465 139 496 193 J
512 141 558 194 a
576 136 626 193 E
639 135 688 192 R
751 136 909 191 ΜΠ,
1149 136 1426 193 Ludwicm
1442 138 1584 195 ww.
1732 159 1808 211 ῃ]

123 229 323 271 conuersus
332 243 569 269 conuentum
580 225 758 268 Attiniac'i
767 226 907 273 habuit,
918 229 956 264 in
966 238 1044 279 quo
1055 224 1102 265 de
1112 227 1221 266 rebus
1231 230 1413 281 praecipue
1423 231 1674 273 Ecclesiasticis
1685 233 1807 274 sanxit.

127 287 220 327 Inde
228 287 349 326 Natali
355 290 416 325 ciis
425 286 557 326 diebus
567 300 657 325 cum
666 285 774 323 fratre
783 284 846 322 suo
858 283 1047 336 Drogone
1056 284 1336 338 archiepiscopo
1347 286 1534 327 celebratis
1545 291 1625 342 post
1634 290 1807 332 Purifica—
1827 281 1847 320 3
1869 293 1883 335 3
1902 295 1935 336 5·

128 349 274 383 tionem
290 356 524 382 conuentum
539 347 577 382 in
592 339 817 381 Tlieodonis
835 341 916 378 villa
927 341 1055 379 habuit
1065 371 1072 379 .
1083 341 1146 379 vbi
1156 341 1347 394 episcopos
1357 341 1452 381 duos
1462 374 1471 390 ,
1481 342 1499 381 a
1509 346 1643 396 quibus
1652 346 1810 389 damna-

126 413 183 439 tus
192 399 309 439 fuerat
318 431 328 447 ,
337 398 518 453 dignitate
527 397 697 437 nudauit.
715 398 846 450 reliqui
856 401 892 435 in
903 397 1041 437 Italiam
1051 396 1256 449 euaserunt.
1276 399 1383 437 Initio
1399 398 1486 438 inde
1501 401 1810 457 Qdmgcsimae

124 469 317 495 conuentu
330 456 442 495 Metis
453 457 535 494 atsto
545 455 564 493 a
573 455 716 507 septem
727 454 760 493 se
777 453 1057 507 archiepiscopis
1074 454 1307 493 reconciliari
1324 455 1482 494 ecclesiae
1498 458 1600 495 iuslit.
1616 460 1762 513 Qade
1770 477 1811 502 se

124 514 428 566 populiingentes
438 513 528 551 Deo
539 515 673 565 gratias
690 509 829 564 gaudio
844 511 1037 564 gestientes
1054 522 1225 564 egerunt.
1245 509 1437 550 Postremo
1455 512 1660 552 secundum
1675 517 1809 558 Pente,-

125 568 254 608 costen
269 582 478 608 conuentus
493 570 580 607 alius
598 568 697 607 actus
708 599 715 606 .
726 568 778 606 ibi
794 565 1124 620 quemadmodum
1141 568 1246 620 legati
1263 571 1301 604 in
1317 572 1527 619 prouincias
1538 570 1694 611 missiius
1703 573 1810 613 dixis-

125 625 200 664 sent
209 656 218 672 ‚
228 631 267 665 &t
281 627 475 664 latrocinia
491 622 747 671 vindicassent,
758 622 924 677 quaesiuit
933 654 943 669 ,
959 627 998 661 δέ
1016 623 1192 676 Pipinum
1202 655 1211 671 ‚
1229 638 1270 662 ac
1289 622 1532 663 Ludouicum
1542 657 1551 674 ‚
1569 632 1720 677 acriter,
1731 643 1810 668 tan-

126 697 240 735 quam
251 683 442 721 bonorum
453 680 682 735 oppreslbrcs
692 683 888 733 increpuit,
898 692 1010 732 atque
1020 679 1108 719 inde
1119 681 1245 733 Aquas
1256 679 1289 719 se
1299 685 1449 733 recepit.
1460 682 1614 721 Interim
1625 684 1748 725 Iudith
1758 691 1814 725 in-

62 749 101 774 10
128 738 235 777 firma
245 738 431 778 Ludouici
441 738 652 778 valetudine
662 741 870 776 exanimata
879 767 889 783 ,
899 751 941 774 ac
950 735 998 775 de
1006 736 1039 775 sc
1048 767 1057 783 ,
1068 736 1221 790 filioque
1237 735 1300 775 suo
1311 736 1452 776 Carolo
1462 768 1472 785 ,
1482 737 1601 791 siquid
1612 740 1812 782 Ludouico

127 795 343 835 humanitus
360 794 564 842 accideret,
575 809 653 833 non
672 794 746 833 sine
762 790 880 832 caussa
897 793 1050 840 solicita,
1061 798 1236 832 maritum
1253 793 1397 833 hortata
1413 795 1484 841 est,
1496 795 1578 833 vtse
1587 797 1691 835 alicui
1703 799 1722 836 e
1734 799 1812 839 siliis

126 857 312 905 praecipue
322 851 611 891 commendaret
619 882 629 898 ‚
640 855 743 889 cuius
753 848 830 889 sido
842 849 924 903 post
933 863 1096 889 mortem
1106 854 1181 889 eius
1191 850 1359 903 praesidio
1370 863 1446 890 tuta
1455 849 1552 899 essct,
1563 857 1756 894 neminem
1766 856 1813 898 ad

122 908 161 948 id
171 913 354 963 aptiorem
365 908 436 948 esse
446 909 637 947 Lothario.
646 906 923 962 Qmobrem
932 921 1086 960 operam
1096 906 1198 945 daret
1207 938 1216 954 ‚
1226 921 1263 945 vt
1272 907 1321 945 sui
1329 909 1386 946 ille
1396 909 1604 948 clientelam
1616 909 1762 963 syncera
1772 913 1814 951 si—

124 964 172 1005 de
182 967 437 1005 reconciliatus
449 964 769 1018 ssisciperet.Vx0ri
780 964 1000 1016 iusta‚atque
1011 977 1226 1017 opportuna
1234 969 1380 1019 roganti
1393 964 1610 1005 Ludouicus
1621 967 1814 1022 obsequu-

125 1035 183 1061 tus
193 1022 416 1061 Lotharium
427 1025 548 1074 primo
559 1035 719 1075 quoque
730 1033 903 1075 tempore
913 1020 959 1060 ad
969 1020 1003 1060 se
1013 1024 1138 1060 venire
1147 1025 1330 1075 integram
1340 1026 1454 1077 gratie
1465 1022 1532 1061 succ
1542 1023 1815 1066 restitutionem

126 1080 308 1132 pollicitus
319 1078 410 1118 iussit
420 1109 427 1117 .
440 1076 501 1117 sed
510 1079 568 1118 ille
577 1082 679 1133 graui
688 1077 827 1118 morbo
838 1077 1042 1130 impeditus
1052 1091 1133 1117 non
1142 1083 1262 1131 potuit
1271 1110 1279 1118 .
1298 1080 1371 1118 Per
1379 1079 1456 1118 hoc
1466 1091 1613 1133 tempus
1624 1081 1819 1124 Sarraceni

125 1135 242 1189 Vsque
258 1135 352 1175 adeo
368 1135 504 1174 infestis
520 1135 792 1174 incursionibus
811 1135 922 1173 ltaliae
936 1135 1057 1174 littora
1072 1135 1297 1183 lacerarunt,
1308 1149 1345 1175 vt
1361 1141 1475 1175 etiam
1486 1137 1647 1190 episcopi
1657 1142 1709 1178 ire
1718 1138 1764 1179 ad
1774 1155 1817 1179 ea.

125 1191 366 1233 defendenda
376 1192 556 1245 compulsi
568 1191 644 1231 sint.
669 1190 866 1246 Siquidem
881 1190 1063 1231 Claudius
1073 1190 1253 1230 Taurinas
1264 1192 1411 1245 episcop
1418 1207 1458 1231 us
1469 1193 1590 1231 scribit
1599 1224 1608 1240 ‚
1619 1194 1652 1232 se
1661 1198 1818 1236 ineunte

127 1264 213 1289 vere
222 1248 269 1288 ad
278 1251 501 1289 Sarracenos
510 1249 529 1287 a
538 1249 721 1288 littoribus
731 1245 1028 1286 summouendos
1038 1245 1232 1297 accurrisse
1242 1279 1252 1296 ‚
1263 1263 1387 1301 neque
1398 1254 1513 1302 magis
1524 1251 1672 1290 calamo
1682 1283 1691 1299 ‚
1701 1251 1817 1305 quam

67 1313 113 1340 20
124 1305 250 1361 gladio
261 1305 446 1346 studuisse.
462 1307 546 1345 Eius
557 1319 647 1344 vero
658 1309 710 1344 rei
719 1307 925 1343 maximam
935 1305 1081 1358 culpam
1092 1305 1287 1344 Lotharius
1298 1307 1387 1345 tulit.
1404 1307 1504 1345 Nam
1515 1305 1676 1346 domum
1687 1323 1816 1348 tener*

126 1363 181 1403 sus
191 1364 332 1403 Italiam
342 1394 350 1410 ‚
361 1366 464 1401 cuius
474 1364 606 1400 alacria
616 1360 788 1400 aduersus
798 1374 939 1414 patrem
949 1360 1066 1400 studia
1074 1359 1344 1401 desiderauerat
1352 1394 1362 1410 ,
1372 1367 1528 1416 impune
1544 1365 1590 1403 ab
1600 1368 1638 1403 iis
1647 1369 1718 1414 vri,
1729 1366 1816 1406 diri-

125 1425 240 1473 pique
248 1418 423 1473 permisit,
433 1423 471 1458 δε
481 1417 701 1472 pontificem
713 1422 836 1471 patria:
846 1448 856 1465 ,
865 1431 904 1456 vt
914 1418 1076 1465 rebatur,
1086 1416 1212 1457 causs'ae
1219 1418 1411 1458 fautorem
1421 1422 1816 1476 vcxare,ecclesiasque

125 1477 235 1516 bonis
246 1477 396 1530 spoliare
406 1508 415 1524 ,
425 1477 526 1515 nullo
537 1475 712 1529 praetenso
723 1479 810 1513 iuris
821 1476 927 1514 titulo
936 1507 946 1522 ,
956 1475 1092 1516 institit.
1108 1476 1201 1530 Qa
1211 1490 1249 1515 re
1259 1477 1640 1531 Gregoritis,peri11de
1651 1494 1694 1518 ac
1701 1494 1768 1533 par
1776 1495 1816 1519 ea

127 1547 198 1582 rat,
210 1546 425 1573 commotus
436 1531 678 1571 Ludouicum
695 1532 887 1585 extemplo
903 1532 992 1571 fecit
1007 1535 1217 1572 certiorem.
1233 1531 1451 1572 Ludouicus
1459 1535 1816 1588 grauiterliocnun-

125 1595 186 1630 cio
195 1591 428 1645 perturbatus
439 1588 912 1642 aduersusNorm-inogqui
922 1588 1535 1643 Fufiaminuaserant,profic11‘ce11s
1545 1592 1682 1644 legatos
1693 1593 1816 1634 statim

126 1648 336 1687 Fulconem
346 1679 355 1695 ,
364 1652 403 1686 <Sc
413 1645 671 1686 Adrebaldum
681 1647 833 1685 abbates
844 1645 891 1685 ad
900 1645 1123 1684 Lotliarium
1134 1676 1142 1692 ‚
1153 1659 1264 1699 atque
1275 1648 1503 1701 Gregorium
1513 1646 1723 1687 destinauit.
1734 1651 1816 1688 Ful-

127 1703 457 1751 commandatum,
468 1716 507 1742 vt
515 1703 737 1743 Lotliarium
748 1701 1032 1749 admoneret,ne
1041 1703 1242 1741 Ecclesiam
1252 1705 1402 1744 Roman
1408 1707 1586 1751 am‚cuius
1596 1704 1817 1759 dignitatem

126 1762 275 1815 Pipinus
284 1776 374 1801 auus
384 1793 393 1809 ,
403 1766 442 1800 &
452 1760 611 1800 Carolus
621 1773 721 1815 pater
730 1759 794 1798 sibi
805 1759 1113 1812 tuendam‚atque
1123 1759 1337 1813 augendam
1346 1765 1484 1814 ingenti
1494 1765 1656 1800 nominis
1667 1762 1716 1801 sui
1726 1778 1817 1803 cum

125 1820 241 1873 gloria
250 1816 498 1872 suscepissent,
508 1816 894 1871 indigneasiiislaniari
904 1848 913 1864 ,
922 1815 1108 1870 diripique
1117 1821 1359 1870 permitteret.
1369 1833 1411 1856 ac
1421 1823 1606 1858 memoria
1615 1833 1815 1872 repeteret,

67 1887 106 1925 30
127 1875 269 1924 se‚cum
277 1876 325 1914 illi
334 1889 491 1929 regnum
501 1875 608 1913 Italiae
616 1871 803 1914 tradidisse
810 1887 834 1921 t,
844 1873 949 1912 simul
958 1878 1068 1912 etiam
1079 1876 1231 1913 tutelam
1241 1875 1425 1914 Romanae
1434 1875 1601 1914 Ecclesia:
1611 1877 1815 1915 commisis-

127 1933 174 1981 se,
184 1931 349 1986 denique
365 1936 652 1986 cogitaret,quo
669 1930 704 1970 se
720 1930 784 1969 fibi
801 1930 1033 1970 sacramento
1050 1937 1223 1984 proxime
1239 1930 1287 1970 de
1295 1929 1591 1971 iiiiixislet.cuitis
1608 1933 1814 1982 obliuione,

128 2002 191 2031 aut
201 1991 426 2044 negligentia
435 1987 712 2042 prouideret‚ne
721 1986 887 2027 diuinam
897 1991 933 2026 in
943 1987 976 2026 se
984 1991 1075 2026 iram
1085 1987 1322 2027 accenderet.
1334 1988 1524 2041 postremo
1534 1988 1637 2029 daret
1646 2005 1815 2044 operam,

128 2060 167 2086 vt
176 2048 352 2086 militares
361 2060 520 2085 annonae
529 2077 538 2093 ,
548 2050 587 2084 &
602 2045 730 2084 statiua
747 2044 812 2083 sibi
822 2056 943 2098 parata
952 2044 1066 2083 essent
1075 2059 1167 2084 mox
1177 2049 1213 2083 in
1224 2045 1366 2084 ltaliam
1376 2047 1550 2098 exemplo
1561 2051 1669 2100 patris
1681 2047 1727 2086 ad
1737 2048 1817 2087 san-

131 2105 188 2143 &a
196 2104 450 2158 apostolorum
458 2104 587 2141 limina
595 2100 772 2142 visitanda
782 2115 953 2142 ventum.
972 2100 1189 2140 Adrebaldo
1199 2116 1289 2142 vero
1298 2107 1495 2156 negotium
1510 2102 1640 2142 datum
1651 2136 1661 2152 ,
1671 2118 1709 2143 vt
1717 2106 1817 2144 Gre-

130 2165 281 2216 gotium
291 2165 530 2208 conueniret,
539 2173 651 2214 atque
667 2173 754 2198 eum
771 2159 877 2198 bono
895 2162 1023 2197 animo
1041 2158 1112 2197 esse
1121 2158 1279 2198 iuberet.
1291 2174 1379 2198 nam
1389 2174 1471 2212 quse
1481 2158 1500 2197 a
1509 2158 1584 2199 filio
1594 2175 1656 2200 aut
1664 2175 1816 2215 patrata,

133 2232 196 2257 aut
205 2217 373 2272 permissa
388 2216 786 2265 dicerentur,seinuito
797 2221 854 2264 ,δε
870 2215 982 2254 inscio
998 2215 1068 2255 esse
1083 2214 1467 2269 commissa.proinde
1482 2217 1515 2255 se
1531 2216 1709 2257 daturum
1725 2233 1818 2272 ope-

132 2290 211 2314 ram
222 2307 232 2324 ,
243 2289 292 2314 ne
301 2274 393 2329 quid
402 2274 559 2313 Ecclesia
569 2273 785 2313 detrimenti
794 2277 993 2326 acciperet.
1011 2271 1157 2312 Adhaec
1172 2274 1367 2312 Lotliarius
1383 2277 1421 2311 in
1436 2277 1485 2312 ira
1495 2274 1684 2326 persistens
1702 2277 1818 2315 incle-

133 2346 282 2372 menter
298 2332 381 2372 sane
397 2331 583 2384 respondit
598 2362 608 2378 ,
626 2330 658 2369 se
674 2345 757 2384 quae
772 2329 929 2370 ecclesiis
946 2329 1121 2383 adempta
1135 2329 1347 2369 dicerentur
1362 2362 1372 2378 ,
1389 2331 1455 2369 alia
1472 2330 1702 2371 redditurum
1715 2364 1724 2379 ,
1740 2334 1817 2381 alia,

131 2388 461 2443 quemadmodum
473 2388 954 2435 restituerentur‚rationem
969 2391 1060 2426 inire
1078 2401 1158 2425 non
1174 2385 1293 2440 posse.
1311 2388 1519 2441 Gregorius
1536 2402 1662 2428 autem
1679 2404 1724 2428 ex
1743 2391 1818 2428 Lu-

60 2451 119 2489 40
133 2447 260 2487 douici
268 2448 453 2501 legatione
462 2458 609 2484 tantum
620 2448 717 2498 cepit
725 2446 920 2498 voluptatis
932 2476 940 2491 ,
950 2458 987 2484 Vt
995 2443 1212 2498 grauissimi,
1221 2459 1299 2497 quo
1309 2445 1551 2498 premebatur
1559 2477 1568 2493 ,
1579 2460 1697 2500 prope
1714 2461 1819 2486 mor-

134 2504 314 2544 bioblitus
329 2501 596 2558 legatos&ipse
606 2501 701 2540 duos
711 2500 757 2540 ad
774 2512 867 2541 eum¹
878 2500 924 2540 ad
939 2505 1072 2555 gratias
1089 2501 1250 2554 agendas
1260 2532 1269 2548 ‚
1279 2506 1317 2540 δέ
1332 2500 1583 2542 accusandum
1599 2504 1819 2542 Lotharium

133 2561 278 2601 miserit.
296 2558 419 2615 Qd
430 2560 489 2598 vbi
501 2559 699 2597 Lotliarius
710 2558 812 2597 sensit
821 2590 831 2606 ,
841 2558 1024 2597 continuo
1033 2573 1098 2597 eos
1108 2559 1287 2597 Bononia:
1304 2573 1369 2611 per
1383 2560 1559 2598 Leonem
1574 2559 1764 2614 quendam
1774 2558 1821 2598 ad

134 2618 173 2658 id
182 2616 332 2656 missum
341 2621 484 2656 curauit
493 2615 791 2663 coei·cendos,ne
800 2617 890 2654 vltra
899 2615 1211 2669 progrederentur
1220 2646 1228 2654 .
1238 2629 1369 2654 verum
1380 2630 1470 2655 mox
1480 2621 1655 2656 omniurn
1666 2617 1821 2656 eiusmo-

137 2674 174 2714 di
191 2674 432 2714 consiliorum
443 2673 732 2726 ,fatstorumque
746 2676 919 2726 poenituit
930 2704 935 2710 .
946 2670 1131 2725 fiquidem
1146 2671 1332 2712 saeuiffima
1347 2676 1449 2711 initio
1466 2674 1692 2727 Septembris
1707 2673 1824 2712 obor-¹

138 2746 174 2772 ta
183 2732 381 2786 pestilentia
390 2745 521 2770 omnes
531 2762 541 2777 ‚
550 2744 718 2783 quorum
735 2730 815 2768 haec
831 2728 986 2769 consiliis
1003 2742 1150 2782 egerat,
1160 2733 1362 2782 optimates
1377 2734 1472 2769 intra
1486 2730 1571 2770 Idus
1580 2729 1823 2769 Nouembres

139 2788 265 2829 amisit.
289 2786 434 2827 Eodem
451 2801 551 2826 anno
567 2780 739 2840 Gregorii
756 2786 911 2826 decreto
928 2790 1248 2825 commemoratio
1265 2787 1491 2826 Sanctorum
1508 2800 1823 2840 martyrum,quae

138 2861 151 2886 1
169 2861 182 2885 1
201 2860 213 2884 1
231 2860 256 2885 1.
275 2844 358 2884 Idus
371 2845 460 2891 Maij
472 2843 732 2882 celebrabatur
741 2875 750 2890 ,
760 2848 797 2882 in
814 2842 996 2881 Kalendas
1012 2843 1194 2882 Nouemb
1205 2875 1212 2882 .
1223 2843 1390 2882 transsata
1405 2844 1468 2883 est.
1491 2843 1642 2882 Postero
1655 2842 1821 2882 Ludoui-
1837 2848 1858 2888 8
1878 2862 1894 2903 3
1915 2854 1958 2891 ς,

136 2918 199 2943 cus
217 2915 412 2942 conuentu
429 2906 465 2939 in
483 2899 744 2939 Purificatione
763 2902 878 2952 Aquis
895 2900 1049 2952 peremto
1065 2903 1325 2953 cognitionem
1340 2899 1387 2939 de
1404 2900 1510 2939 rebus
1519 2899 1687 2938 Ecclesiae
1695 2899 1821 2940 ablatis

135 2964 311 3000 exercuit.
329 2957 513 2997 Hilduino
524 2957 658 2996 abbate
668 2969 849 3010 querente
860 2955 966 3008 quod
981 2957 1129 3009 Pipinus
1146 2956 1283 3010 praedia
1297 2956 1467 3010 quaedam
1486 2956 1520 2994 S.
1532 2956 1824 2995 GermaniPari-

81 3025 120 3062 50
136 3017 255 3058 fiensis
266 3021 305 3055 in
314 3018 515 3068 Aquitania
531 3014 594 3052 sita
611 3013 846 3065 surripuisset,
857 3027 902 3051 ex
918 3026 1127 3051 conuentus
1143 3015 1363 3052 austoritate
1379 3014 1482 3050 illum
1498 3015 1825 3066 increpuit,atque

136 3074 403 3114 deimminenti
413 3072 492 3110 Dei
507 3070 647 3110 iudicio
664 3069 903 3109 admonitum
914 3074 1082 3122 protinus
1092 3069 1139 3109 ad
1149 3067 1445 3109 satisfaciendum
1457 3067 1621 3109 adduxit.
1640 3070 1826 3109 Conuen-

138 3145 177 3171 tu
186 3132 273 3172 inde
283 3128 514 3184 Lugdunum
525 3126 694 3167 transsato
704 3128 805 3165 litem
815 3126 1085 3180 Lugdunensis,
1095 3132 1133 3165 δέ
1143 3124 1362 3165 Viennensis
1371 3125 1530 3164 ecclesiae
1539 3157 1548 3173 ‚
1558 3139 1642 3179 quae
1651 3127 1825 3180 episcopo

137 3189 319 3227 vacabant
328 3218 338 3234 ‚
348 3190 539 3240 cognouit.
549 3197 662 3237 atque
671 3182 760 3222 inde
771 3184 979 3221 autumnali
989 3187 1190 3221 venatione
1200 3182 1352 3234 pera-fta
1361 3182 1406 3222 ad
1415 3182 1548 3221 festum
1560 3185 1594 3223 S.
1608 3185 1762 3222 Martini
1772 3183 1827 3221 A-

139 3259 229 3298 quas
239 3244 273 3283 se
282 3245 426 3283 rettulit.
451 3242 505 3280 lbi
520 3242 658 3281 Natalis
674 3240 749 3280 dies
766 3240 995 3287 Domini‚&
1010 3238 1242 3278 Resurrectio
1260 3238 1452 3279 celebrata.
1476 3241 1545 3279 Per
1562 3255 1626 3280 eos
1642 3239 1717 3279 dies
1728 3239 1826 3279 stella
1844 3238 1864 3277 8
1888 3252 1902 3292 3
1924 3252 1968 3293 7,

144 3305 330 3340 crinitam
345 3300 446 3356 signo
463 3301 619 3355 Virginis
634 3313 724 3338 cum
740 3301 902 3337 maxima
918 3295 1182 3350 aspe&antium
1200 3293 1445 3337 admiratione
1461 3295 1601 3336 effulsit.
1637 3298 1732 3354 Q
1750 3296 1826 3337 viso

1434 3354 1469 3393 K
1539 3356 1586 3404 iiij
